<?xml version="1.0" encoding="UTF-8"?><collection xmlns="http://www.loc.gov/MARC21/slim"><record><leader>00391nam--2200133-i-4500</leader><controlfield tag="001">000018852</controlfield><controlfield tag="002">20161230</controlfield><controlfield tag="005">20161230201032</controlfield><controlfield tag="008">060222s1000------------r-----000-0-eng-d</controlfield><datafield ind1=" " ind2=" " tag="100"><subfield code="a">Eichmeier, Joseph</subfield></datafield><datafield ind1=" " ind2=" " tag="245"><subfield code="a">Knoll, max</subfield></datafield><datafield ind1=" " ind2=" " tag="260"><subfield code="a">Technische Elektronik.Stromsteurnde Und Elektronenoptische Entlandungsgerate</subfield></datafield><datafield ind1=" " ind2=" " tag="490"><subfield code="a">Berlin, Springer-verlag, 1965.Xvi + 389 P</subfield></datafield><datafield ind1=" " ind2=" " tag="852"><subfield code="a">621.38:621.52</subfield></datafield></record></collection>